@inproceedings{michon_amstramgrame_2021,
 address = {Shanghai, China},
 articleno = {60},
 author = {Michon, Romain and Dumitrascu, Catinca and Chudet, Sandrine and Orlarey, Yann and Letz, Stéphane and Fober, Dominique},
 booktitle = {Proceedings of the International Conference on New Interfaces for Musical Expression},
 doi = {10.21428/92fbeb44.a84edd3f},
 issn = {2220-4806},
 month = {June},
 presentation-video = {https://youtu.be/KTgl4suQ_Ks},
 title = {Amstramgrame: Making Scientific Concepts More Tangible Through Music Technology at School},
 url = {https://nime.pubpub.org/pub/3zeala6v},
 year = {2021}
}

@article{sharmin_creativity_2021,
author = {Sharmin, Sadia},
title = {Creativity in CS1: A Literature Review},
year = {2021},
issue_date = {June 2022},
publisher = {Association for Computing Machinery},
address = {New York, NY, USA},
volume = {22},
number = {2},
url = {https://doi.org/10.1145/3459995},
doi = {10.1145/3459995},
journal = {ACM Trans. Comput. Educ.},
month = nov,
articleno = {16},
numpages = {26},
keywords = {Creativity, literature review}
}

@article{aaron_sonic_2016,
author = {Sam Aaron},
title = {Sonic Pi – performance in education, technology and art},
journal = {International Journal of Performance Arts and Digital Media},
volume = {12},
number = {2},
pages = {171--178},
year = {2016},
publisher = {Routledge},
doi = {10.1080/14794713.2016.1227593},
URL = {https://doi.org/10.1080/14794713.2016.1227593},
eprint = {https://doi.org/10.1080/14794713.2016.1227593}
}

@incollection{malone_making_1987,
  title        = {Making Learning Fun: A Taxonomy of Intrinsic Motivations for Learning},
  author       = {Thomas W. Malone and Mark R. Lepper},
  year         = 1987,
  booktitle    = {Aptitude, Learning, and Instruction: Volume 3: Conative and Affective Process Analyses},
  publisher    = {Taylor \& Francis},
  series       = {Aptitude, Learning, and Instruction},
  volume       = 3,  
  pages        = {223-253},
  editor       = {Snow, R.E. and Farr, M.J.},
}


@article{waite_teaching_2021,
  title={Teaching programming in schools: A review of approaches and strategies},
  author={Waite, Jane and Sentance, Sue},
  journal={Raspberry Pi Foundation},
  pages={1--53},
  year={2021},
  url = {https://www.raspberrypi.org/app/uploads/2021/11/Teaching-programming-in-schools-pedagogy-review-Raspberry-Pi-Foundation.pdf}
}

@article{sharmin_creativity_2021,
author = {Sharmin, Sadia},
title = {Creativity in CS1: A Literature Review},
year = {2021},
issue_date = {June 2022},
publisher = {Association for Computing Machinery},
address = {New York, NY, USA},
volume = {22},
number = {2},
url = {https://doi.org/10.1145/3459995},
doi = {10.1145/3459995},
journal = {ACM Trans. Comput. Educ.},
month = nov,
articleno = {16},
numpages = {26},
keywords = {literature review, Creativity}
}

@article{petri_sonicpi_2022,
title = {Programming music with Sonic Pi promotes positive attitudes for beginners},
journal = {Computers \& Education},
volume = {179},
pages = {104409},
year = {2022},
issn = {0360-1315},
doi = {https://doi.org/10.1016/j.compedu.2021.104409},
url = {https://www.sciencedirect.com/science/article/pii/S0360131521002864},
author = {Christopher Petrie},
keywords = {Interdisciplinary projects, Applications in subject areas, Improving classroom teaching},
}


@INPROCEEDINGS{delzanno_sonicpi_2025,
  author={Delzanno, Giorgio and Guerrini, Giovanna and Traversaro, Daniele},
  booktitle={2025 33rd Euromicro International Conference on Parallel, Distributed, and Network-Based Processing (PDP)}, 
  title={Exploring Student Misconceptions about Concurrency Using Sonic Pi}, 
  year={2025},
  volume={},
  number={},
  pages={364-371},
  keywords={Concurrent computing;Computer languages;Codes;Multithreading;Federated learning;Education;Computer science education;Programming profession;Computer Science Education;Concurrent Programming;Concurrency Education;Multithreading;Misconception in programming},
  doi={10.1109/PDP66500.2025.00058}}


@article{traversaro_hearplay_2024,
  title = {``{{Hear}}'' and ``{{Play}}'' {{Students Misconceptions}} on {{Concurrent Programming}} Using {{Sonic Pi}}},
  author = {Traversaro, Daniele and Delzanno, Giorgio and Guerrini, Giovanna},
  year = {2024},
  journal = {Informatics in Education},
  volume = {23},
  number = {3},
  pages = {679--718},
  publisher = {{Vilnius University Institute of Data Science and Digital Technologies}},
  issn = {1648-5831},
  doi = {10.15388/infedu.2024.22}
}



@book{blackwell_livecoding_2022,
  title = {Live {{Coding}}: {{A User}}'s {{Manual}}},
  author = {Blackwell, Alan F. and Cocker, Emma and Cox, Geoff and McLean, Alex and Magnusson, Thor},
  year = {2022},
  publisher = {MIT Press}
}


@article{armitage_spaces_2018,
  title={Spaces to fail in: negotiating gender, community and Technology in Algorave},
  author={Armitage, Joanne Louise},
  journal={Dancecult: Journal of Electronic Dance Music Culture},
  volume={10},
  number={1},
  year={2018}
}

@article{magerko_earsketch_2016,
  title={Earsketch: A steam-based approach for underrepresented populations in high school computer science education},
  author={Magerko, Brian and Freeman, Jason and Mcklin, Tom and Reilly, Mike and Livingston, Elise and Mccoid, Scott and Crews-Brown, Andrea},
  journal={ACM Transactions on Computing Education (TOCE)},
  volume={16},
  number={4},
  pages={1--25},
  year={2016},
  publisher={ACM New York, NY, USA}
}

@article{freeman_earsketch_2019,
  title={EarSketch: engaging broad populations in computing through music},
  author={Freeman, Jason and Magerko, Brian and Edwards, Doug and Mcklin, Tom and Lee, Taneisha and Moore, Roxanne},
  journal={Communications of the ACM},
  volume={62},
  number={9},
  pages={78--85},
  year={2019},
  publisher={ACM New York, NY, USA}
}

@inproceedings{engelman_earsketch_2017,
  title={Creativity in authentic STEAM education with EarSketch},
  author={Engelman, Shelly and Magerko, Brian and McKlin, Tom and Miller, Morgan and Edwards, Doug and Freeman, Jason},
  booktitle={Proceedings of the 2017 ACM SIGCSE Technical Symposium on Computer Science Education},
  pages={183--188},
  year={2017}
}


@article{petrie_ct_2024,
  title = {Design and Use of Domain-Specific Programming Platforms: Interdisciplinary Computational Thinking with {{EarSketch}} and {{TunePad}}},
  author = {Petrie, Christopher},
  year = {2024},
  journal = {Computer Science Education},
  volume = {34},
  number = {4},
  eprint = {https://doi.org/10.1080/08993408.2023.2240657},
  pages = {645--678},
  publisher = {Routledge},
  doi = {10.1080/08993408.2023.2240657}
}


@article{reas_2006,
  title={Processing code: programming within the context of visual art and design},
  author={Reas, Casey and Fry, Ben},
  journal={Aesthetic Computing},
  pages={476},
  year={2006},
  publisher={MIT Press}
}

@book{reichardt_1971,
  title={Cybernetics, Art and Ideas},
  editor={Reichardt, Jasia},
  pages={216},
  year={1971},
  ISBN={0821204319},
  publisher={New York Graphic Society}
}

@book{dreher_2014,
	author = {Dreher, Thomas},
	publisher = {Lulu Press, Inc.},
	title = {History of Computer Art},
    ISBN={978-1-71685-581-8},
	year = {2014}
}

@inbook{wang_17,
  author    = {Wang, Ge},
  title     = {A history of programming and music},
  booktitle = {The Cambridge Companion to Electronic Music},
  editor = {Collins, Nick and d'Escrivan, Julio},
  edition = {Second},
  year      = {2017},
  publisher = {Cambridge University Press},
  ISBN   = {978-1-107-13355-6},
  pages     = {58--74}
}


@book{brown_20,
  title={Scratch Music Projects},
  editor={Brown, Andrew R and Ruthman, Alex S},
  pages={195},
  year={2020},
  ISBN={9780199309269},
  publisher={Oxford University Press}
}

@article{walker_mauney_2010,
author = {Walker, B. N. and Mauney, L. M.},
title = {Universal Design of Auditory Graphs: A Comparison of Sonification Mappings for Visually Impaired and Sighted Listeners},
year = {2010},
issue_date = {March 2010},
publisher = {Association for Computing Machinery},
address = {New York, NY, USA},
volume = {2},
number = {3},
issn = {1936-7228},
url = {https://doi.org/10.1145/1714458.1714459},
doi = {10.1145/1714458.1714459},
journal = {ACM Trans. Access. Comput.},
month = mar,
articleno = {12},
numpages = {16},
keywords = {visually impaired, auditory display, Magnitude estimation}
}

@Inbook{worrall_2019,
author="Worrall, David",
title="Data Sonification: A Prehistory",
bookTitle="Sonification Design: From Data to Intelligible Soundfields",
year="2019",
publisher="Springer International Publishing",
address="Cham",
pages="3--21",
isbn="978-3-030-01497-1",
doi="10.1007/978-3-030-01497-1_1",
url="https://doi.org/10.1007/978-3-030-01497-1_1"
}


@inproceedings{bulley_jones_2011,
  title={Variable 4: A dynamical composition for weather systems},
  author={Bulley, James and Jones, Daniel},
  booktitle={Proceedings of International Computer Music Conference,(ICMC 2011)},
  year={2011},
  organization={ICMC}
}

@article{barrett_mair_2014, title={Aftershock: A science–art collaboration through sonification}, volume={19}, DOI={10.1017/S1355771813000368}, number={1}, journal={Organised Sound}, author={Barrett, Natasha and Mair, Karen}, year={2014}, pages={4–16}} <div></div>